<?xml version="1.0" encoding="UTF-8"?><collection xmlns="http://www.loc.gov/MARC21/slim"><record><leader>00499nam--2200145-i-4500</leader><controlfield tag="001">000014434</controlfield><controlfield tag="002">20161230</controlfield><controlfield tag="005">20161230201030</controlfield><controlfield tag="008">060222s1000------------r-----000-0-eng-d</controlfield><datafield ind1=" " ind2=" " tag="080"><subfield code="a">543.51(061.3)</subfield></datafield><datafield ind1=" " ind2=" " tag="245"><subfield code="a">Secondary ion mass spectrometry sims iii. proceedings of the third international hungary august 30-september 5, 1981.with 289 figures</subfield></datafield><datafield ind1=" " ind2=" " tag="260"><subfield code="a">Berlin, Springer-verlag, 1981. Xi + 444 P</subfield></datafield><datafield ind1=" " ind2=" " tag="490"><subfield code="a">Springer Series In Chemical Physics</subfield></datafield><datafield ind1=" " ind2=" " tag="700"><subfield code="a">Benninghoven, A./S.A.</subfield></datafield><datafield ind1=" " ind2=" " tag="852"><subfield code="a">46905</subfield></datafield></record></collection>